%% This BibTeX bibliography file was created using BibDesk.
%% http://bibdesk.sourceforge.net/

%% Created for Janith Petangoda at 2016-11-04 01:49:54 +0000 


%% Saved with string encoding Unicode (UTF-8) 


@preamble{"\newcommand{\noopsort}[1]{} " #
   "\newcommand{\printfirst}[2]{#1} " #
   "\newcommand{\singleletter}[1]{#1} " #
   "\newcommand{\switchargs}[2]{#2#1} "}


@string{acm = {The OX Association for Computing Machinery}}

@string{stoc = {Symposium on the Theory of Computing}}

@string{stoc-key = {OX{\singleletter{stoc}}}}


@incollection{2006-ng,
	Author = {Ng, Andrew Y and Coates, Adam and Diel, Mark and Ganapathi, Varun and Schulte, Jamie and Tse, Ben and Berger, Eric and Liang, Eric},
	Booktitle = {Experimental Robotics IX},
	Date-Added = {2016-11-04 01:49:45 +0000},
	Date-Modified = {2016-11-04 01:49:54 +0000},
	Pages = {363--372},
	Publisher = {Springer},
	Title = {Autonomous inverted helicopter flight via reinforcement learning},
	Year = {2006}}

@inproceedings{2005-peters,
	Author = {Peters, Jan and Vijayakumar, Sethu and Schaal, Stefan},
	Booktitle = {European Conference on Machine Learning},
	Date-Added = {2016-11-04 01:24:38 +0000},
	Date-Modified = {2016-11-04 01:24:45 +0000},
	Organization = {Springer},
	Pages = {280--291},
	Title = {Natural actor-critic},
	Year = {2005}}

@inproceedings{2003-kim,
	Author = {Kim, HJ and Jordan, Michael I and Sastry, Shankar and Ng, Andrew Y},
	Booktitle = {Advances in neural information processing systems},
	Date-Added = {2016-11-03 23:14:23 +0000},
	Date-Modified = {2016-11-03 23:14:42 +0000},
	Pages = {None},
	Title = {Autonomous helicopter flight via reinforcement learning},
	Year = {2003}}

@article{2007-guenter,
	Author = {Guenter, Florent and Hersch, Micha and Calinon, Sylvain and Billard, Aude},
	Date-Added = {2016-11-03 23:10:32 +0000},
	Date-Modified = {2016-11-03 23:10:43 +0000},
	Journal = {Advanced Robotics},
	Number = {13},
	Pages = {1521--1544},
	Publisher = {Taylor \& Francis},
	Title = {Reinforcement learning for imitating constrained reaching movements},
	Volume = {21},
	Year = {2007}}

@article{2006-matsubara,
	Author = {Matsubara, Takamitsu and Morimoto, Jun and Nakanishi, Jun and Sato, Masa-aki and Doya, Kenji},
	Date-Added = {2016-11-03 23:08:04 +0000},
	Date-Modified = {2016-11-03 23:09:19 +0000},
	Journal = {Robotics and Autonomous Systems},
	Number = {11},
	Pages = {911--920},
	Publisher = {Elsevier},
	Title = {Learning CPG-based biped locomotion with a policy gradient method},
	Volume = {54},
	Year = {2006}}

@article{2006-abbeel,
	Author = {Pieter Abbeel and Morgan Quigley and Andrew Y. Ng},
	Date-Added = {2016-11-03 23:01:54 +0000},
	Date-Modified = {2016-11-03 23:03:02 +0000},
	Journal = {Proceedings for the 23rd international conference on Machine Learning},
	Title = {Using inaccurate models in reinforcement learning},
	Year = {2006},
	Bdsk-File-1 = {YnBsaXN0MDDUAQIDBAUGJCVYJHZlcnNpb25YJG9iamVjdHNZJGFyY2hpdmVyVCR0b3ASAAGGoKgHCBMUFRYaIVUkbnVsbNMJCgsMDxJXTlMua2V5c1pOUy5vYmplY3RzViRjbGFzc6INDoACgAOiEBGABIAFgAdccmVsYXRpdmVQYXRoWWFsaWFzRGF0YV8QUy4uL0xpdGVyYXR1cmUvWzIwMDYgLSBBYmJlZWxdIFVzaW5nIGluYWNjdXJhdGUgbW9kZWxzIGluIHJlaW5mb3JjZW1lbnQgbGVhcm5pbmcucGRm0hcLGBlXTlMuZGF0YU8RAqoAAAAAAqoAAgAACG1haW5fc3NkAAAAAAAAAAAAAAAAAAAAAAAAANQd2wBIKwAAABG13h9bMjAwNiAtIEFiYmVlbF0gVXNpbiMzRjI1OTEucGRmAAAAAAAAAAAAAAAAAAAAAAAAAAAAAAAAAAAAAAAAAAAAPyWR1EFywgAAAAAAAAAAAAEAAgAACSAAAAAAAAAAAAAAAAAAAAAKTGl0ZXJhdHVyZQAQAAgAANQdzPAAAAARAAgAANRBcsIAAAABACAAEbXeABG13AARtdsAEbXTABG10gARtSkABi0jAAJm/QACAHttYWluX3NzZDpVc2VyczoAamFuaXRoX3A6AE9uZURyaXZlOgBJbXBvcnRhbnQgU3R1ZmY6AERlZ3JlZSBTdHVmZjoAWWVhciA0OgBGWVA6AExpdGVyYXR1cmU6AFsyMDA2IC0gQWJiZWVsXSBVc2luIzNGMjU5MS5wZGYAAA4AjABFAFsAMgAwADAANgAgAC0AIABBAGIAYgBlAGUAbABdACAAVQBzAGkAbgBnACAAaQBuAGEAYwBjAHUAcgBhAHQAZQAgAG0AbwBkAGUAbABzACAAaQBuACAAcgBlAGkAbgBmAG8AcgBjAGUAbQBlAG4AdAAgAGwAZQBhAHIAbgBpAG4AZwAuAHAAZABmAA8AEgAIAG0AYQBpAG4AXwBzAHMAZAASAJBVc2Vycy9qYW5pdGhfcC9PbmVEcml2ZS9JbXBvcnRhbnQgU3R1ZmYvRGVncmVlIFN0dWZmL1llYXIgNC9GWVAvTGl0ZXJhdHVyZS9bMjAwNiAtIEFiYmVlbF0gVXNpbmcgaW5hY2N1cmF0ZSBtb2RlbHMgaW4gcmVpbmZvcmNlbWVudCBsZWFybmluZy5wZGYAEwABLwAAFQACAA///wAAgAbSGxwdHlokY2xhc3NuYW1lWCRjbGFzc2VzXU5TTXV0YWJsZURhdGGjHR8gVk5TRGF0YVhOU09iamVjdNIbHCIjXE5TRGljdGlvbmFyeaIiIF8QD05TS2V5ZWRBcmNoaXZlctEmJ1Ryb290gAEACAARABoAIwAtADIANwBAAEYATQBVAGAAZwBqAGwAbgBxAHMAdQB3AIQAjgDkAOkA8QOfA6EDpgOxA7oDyAPMA9MD3APhA+4D8QQDBAYECwAAAAAAAAIBAAAAAAAAACgAAAAAAAAAAAAAAAAAAAQN}}

@conference{2007-ko,
	Address = {Rome, Italy},
	Author = {Jonathon Ko and Daniel J. Klein and Dieter Fox and Dirk Haehnel},
	Date-Added = {2016-11-03 18:51:25 +0000},
	Date-Modified = {2016-11-03 18:52:55 +0000},
	Journal = {IEEE International Conference on Robotics and Automation},
	Pages = {10-14},
	Title = {Gaussian Process and Reinforcement Learning for Identification and Control of an Autonomous Blimp},
	Year = {2007}}

@incollection{2009-kober,
	Author = {Jens Kober and Jan R. Peters},
	Booktitle = {Advances in Neural Information Processing Systems 21},
	Date-Added = {2016-11-03 18:39:35 +0000},
	Date-Modified = {2016-11-03 18:39:54 +0000},
	Editor = {D. Koller and D. Schuurmans and Y. Bengio and L. Bottou},
	Pages = {849-856},
	Publisher = {Curran Associates, Inc.},
	Title = {Policy Search for Motor Primitives in Robotics},
	Url = {http://papers.nips.cc/paper/3545-policy-search-for-motor-primitives-in-robotics.pdf},
	Year = {2009},
	Bdsk-Url-1 = {http://papers.nips.cc/paper/3545-policy-search-for-motor-primitives-in-robotics.pdf}}

@article{2000-ng,
	Author = {Andrew Y. Ng and Michael Jordan},
	Date-Added = {2016-11-03 18:37:22 +0000},
	Date-Modified = {2016-11-03 18:42:08 +0000},
	Journal = {Proceedings for the 16th conference on Uncertainty in artificial intelligence},
	Pages = {406-415},
	Title = {PEGASUS: A Policy search method for large MDPs and POMDPs},
	Year = {2000}}

@article{1997-atkeson,
	Author = {Christopher Atkeson and Andrew Moore and Stefan Schaal},
	Date-Added = {2016-11-03 18:01:44 +0000},
	Date-Modified = {2016-11-03 18:03:46 +0000},
	Journal = {Artif Intell Rev},
	Number = {5},
	Pages = {11-73},
	Title = {Locally weighted learning},
	Volume = {11.1},
	Year = {1997}}

@manual{ur-tedrake,
	Author = {Russ Tedrake},
	Date-Added = {2016-11-03 03:47:21 +0000},
	Date-Modified = {2016-11-03 03:51:36 +0000},
	Howpublished = {Lecture Notes},
	Organization = {MIT},
	Title = {Underactuated Robotics},
	Year = {2009},
	Bdsk-File-1 = {YnBsaXN0MDDUAQIDBAUGJCVYJHZlcnNpb25YJG9iamVjdHNZJGFyY2hpdmVyVCR0b3ASAAGGoKgHCBMUFRYaIVUkbnVsbNMJCgsMDxJXTlMua2V5c1pOUy5vYmplY3RzViRjbGFzc6INDoACgAOiEBGABIAFgAdccmVsYXRpdmVQYXRoWWFsaWFzRGF0YV8QOS4uL0xpdGVyYXR1cmUvWzIwMDkgLSBUZWRyYWtlXSBVbmRlcmFjdHVhdGVkIFJvYm90aWNzLnBkZtIXCxgZV05TLmRhdGFPEQJcAAAAAAJcAAIAAAhtYWluX3NzZAAAAAAAAAAAAAAAAAAAAAAAAADUHdsASCsAAAARtd4fWzIwMDkgLSBUZWRyYWtlXSBVbmQjMTIxOEZCLnBkZgAAAAAAAAAAAAAAAAAAAAAAAAAAAAAAAAAAAAAAAAAAABIY+9QQfIgAAAAAAAAAAAABAAIAAAkgAAAAAAAAAAAAAAAAAAAACkxpdGVyYXR1cmUAEAAIAADUHczwAAAAEQAIAADUEG54AAAAAQAgABG13gARtdwAEbXbABG10wARtdIAEbUpAAYtIwACZv0AAgB7bWFpbl9zc2Q6VXNlcnM6AGphbml0aF9wOgBPbmVEcml2ZToASW1wb3J0YW50IFN0dWZmOgBEZWdyZWUgU3R1ZmY6AFllYXIgNDoARllQOgBMaXRlcmF0dXJlOgBbMjAwOSAtIFRlZHJha2VdIFVuZCMxMjE4RkIucGRmAAAOAFgAKwBbADIAMAAwADkAIAAtACAAVABlAGQAcgBhAGsAZQBdACAAVQBuAGQAZQByAGEAYwB0AHUAYQB0AGUAZAAgAFIAbwBiAG8AdABpAGMAcwAuAHAAZABmAA8AEgAIAG0AYQBpAG4AXwBzAHMAZAASAHZVc2Vycy9qYW5pdGhfcC9PbmVEcml2ZS9JbXBvcnRhbnQgU3R1ZmYvRGVncmVlIFN0dWZmL1llYXIgNC9GWVAvTGl0ZXJhdHVyZS9bMjAwOSAtIFRlZHJha2VdIFVuZGVyYWN0dWF0ZWQgUm9ib3RpY3MucGRmABMAAS8AABUAAgAP//8AAIAG0hscHR5aJGNsYXNzbmFtZVgkY2xhc3Nlc11OU011dGFibGVEYXRhox0fIFZOU0RhdGFYTlNPYmplY3TSGxwiI1xOU0RpY3Rpb25hcnmiIiBfEA9OU0tleWVkQXJjaGl2ZXLRJidUcm9vdIABAAgAEQAaACMALQAyADcAQABGAE0AVQBgAGcAagBsAG4AcQBzAHUAdwCEAI4AygDPANcDNwM5Az4DSQNSA2ADZANrA3QDeQOGA4kDmwOeA6MAAAAAAAACAQAAAAAAAAAoAAAAAAAAAAAAAAAAAAADpQ==}}

@article{1993-park,
	Author = {Jooyoung Park and Irwin W. Sandberg},
	Date-Added = {2016-11-03 03:19:03 +0000},
	Date-Modified = {2016-11-03 03:19:45 +0000},
	Journal = {Neural computation},
	Pages = {305-316},
	Title = {Approximation and radial-basis-function networks},
	Volume = {5.2},
	Year = {1993}}

@article{1991-park,
	Author = {Jooyoung Park and Irwin W. Sandberg},
	Date-Added = {2016-11-03 03:17:10 +0000},
	Date-Modified = {2016-11-03 03:18:39 +0000},
	Journal = {Neural computation},
	Pages = {246-257},
	Title = {Universal approximation using radial-basis-function networks},
	Volume = {3.2},
	Year = {1991}}

@article{2008-deisenroth,
	Address = {Bruges, Belgium},
	Author = {Marc Peter Deisenroth and Jan Peters and Carl Edward Rasmussen},
	Date-Added = {2016-11-03 01:41:41 +0000},
	Date-Modified = {2016-11-03 03:22:26 +0000},
	Journal = {Proceedings for the 16th European Symposium on Artificial Neural Networks},
	Month = {April},
	Title = {Model-based reinforcement learning with continuous states and actions},
	Year = {2008},
	Bdsk-File-1 = {YnBsaXN0MDDUAQIDBAUGJCVYJHZlcnNpb25YJG9iamVjdHNZJGFyY2hpdmVyVCR0b3ASAAGGoKgHCBMUFRYaIVUkbnVsbNMJCgsMDxJXTlMua2V5c1pOUy5vYmplY3RzViRjbGFzc6INDoACgAOiEBGABIAFgAdccmVsYXRpdmVQYXRoWWFsaWFzRGF0YV8Qay4uL0xpdGVyYXR1cmUvWzIwMDggLSBEZWlzZW5yb3RoXSBNb2RlbC1iYXNlZCBSZWluZm9yY2VtZW50IExlYXJuaW5nIHdpdGggQ29udGludW91cyBTdGF0ZXMgYW5kIEFjdGlvbnMucGRm0hcLGBlXTlMuZGF0YU8RAvIAAAAAAvIAAgAACG1haW5fc3NkAAAAAAAAAAAAAAAAAAAAAAAAANQd2wBIKwAAABG13h9bMjAwOCAtIERlaXNlbnJvdGhdICMzRThFQjMucGRmAAAAAAAAAAAAAAAAAAAAAAAAAAAAAAAAAAAAAAAAAAAAPo6z1EBGOAAAAAAAAAAAAAEAAgAACSAAAAAAAAAAAAAAAAAAAAAKTGl0ZXJhdHVyZQAQAAgAANQdzPAAAAARAAgAANRARjgAAAABACAAEbXeABG13AARtdsAEbXTABG10gARtSkABi0jAAJm/QACAHttYWluX3NzZDpVc2VyczoAamFuaXRoX3A6AE9uZURyaXZlOgBJbXBvcnRhbnQgU3R1ZmY6AERlZ3JlZSBTdHVmZjoAWWVhciA0OgBGWVA6AExpdGVyYXR1cmU6AFsyMDA4IC0gRGVpc2Vucm90aF0gIzNFOEVCMy5wZGYAAA4AvABdAFsAMgAwADAAOAAgAC0AIABEAGUAaQBzAGUAbgByAG8AdABoAF0AIABNAG8AZABlAGwALQBiAGEAcwBlAGQAIABSAGUAaQBuAGYAbwByAGMAZQBtAGUAbgB0ACAATABlAGEAcgBuAGkAbgBnACAAdwBpAHQAaAAgAEMAbwBuAHQAaQBuAHUAbwB1AHMAIABTAHQAYQB0AGUAcwAgAGEAbgBkACAAQQBjAHQAaQBvAG4AcwAuAHAAZABmAA8AEgAIAG0AYQBpAG4AXwBzAHMAZAASAKhVc2Vycy9qYW5pdGhfcC9PbmVEcml2ZS9JbXBvcnRhbnQgU3R1ZmYvRGVncmVlIFN0dWZmL1llYXIgNC9GWVAvTGl0ZXJhdHVyZS9bMjAwOCAtIERlaXNlbnJvdGhdIE1vZGVsLWJhc2VkIFJlaW5mb3JjZW1lbnQgTGVhcm5pbmcgd2l0aCBDb250aW51b3VzIFN0YXRlcyBhbmQgQWN0aW9ucy5wZGYAEwABLwAAFQACAA///wAAgAbSGxwdHlokY2xhc3NuYW1lWCRjbGFzc2VzXU5TTXV0YWJsZURhdGGjHR8gVk5TRGF0YVhOU09iamVjdNIbHCIjXE5TRGljdGlvbmFyeaIiIF8QD05TS2V5ZWRBcmNoaXZlctEmJ1Ryb290gAEACAARABoAIwAtADIANwBAAEYATQBVAGAAZwBqAGwAbgBxAHMAdQB3AIQAjgD8AQEBCQP/BAEEBgQRBBoEKAQsBDMEPARBBE4EUQRjBGYEawAAAAAAAAIBAAAAAAAAACgAAAAAAAAAAAAAAAAAAARt}}

@article{2009-deisenroth,
	Author = {Marc Peter Deisenroth and Carl Edward Rasmussen and Jan Peters},
	Date-Added = {2016-11-03 00:13:02 +0000},
	Date-Modified = {2016-11-03 00:13:56 +0000},
	Journal = {Neurocomputing},
	Pages = {1508-1524},
	Title = {Gaussian process dynamic programming},
	Volume = {72},
	Year = {2009},
	Bdsk-File-1 = {YnBsaXN0MDDUAQIDBAUGJCVYJHZlcnNpb25YJG9iamVjdHNZJGFyY2hpdmVyVCR0b3ASAAGGoKgHCBMUFRYaIVUkbnVsbNMJCgsMDxJXTlMua2V5c1pOUy5vYmplY3RzViRjbGFzc6INDoACgAOiEBGABIAFgAdccmVsYXRpdmVQYXRoWWFsaWFzRGF0YV8QSi4uL0xpdGVyYXR1cmUvWzIwMDkgLSBEZWlzZW5yb3RoXSBHYXVzc2lhbiBQcm9jZXNzIER5bmFtaWMgUHJvZ3JhbW1pbmcucGRm0hcLGBlXTlMuZGF0YU8RApAAAAAAApAAAgAACG1haW5fc3NkAAAAAAAAAAAAAAAAAAAAAAAAANQd2wBIKwAAABG13h9bMjAwOSAtIERlaXNlbnJvdGhdICMzRTg1OEUucGRmAAAAAAAAAAAAAAAAAAAAAAAAAAAAAAAAAAAAAAAAAAAAPoWO1EAxZgAAAAAAAAAAAAEAAgAACSAAAAAAAAAAAAAAAAAAAAAKTGl0ZXJhdHVyZQAQAAgAANQdzPAAAAARAAgAANRAMWYAAAABACAAEbXeABG13AARtdsAEbXTABG10gARtSkABi0jAAJm/QACAHttYWluX3NzZDpVc2VyczoAamFuaXRoX3A6AE9uZURyaXZlOgBJbXBvcnRhbnQgU3R1ZmY6AERlZ3JlZSBTdHVmZjoAWWVhciA0OgBGWVA6AExpdGVyYXR1cmU6AFsyMDA5IC0gRGVpc2Vucm90aF0gIzNFODU4RS5wZGYAAA4AegA8AFsAMgAwADAAOQAgAC0AIABEAGUAaQBzAGUAbgByAG8AdABoAF0AIABHAGEAdQBzAHMAaQBhAG4AIABQAHIAbwBjAGUAcwBzACAARAB5AG4AYQBtAGkAYwAgAFAAcgBvAGcAcgBhAG0AbQBpAG4AZwAuAHAAZABmAA8AEgAIAG0AYQBpAG4AXwBzAHMAZAASAIdVc2Vycy9qYW5pdGhfcC9PbmVEcml2ZS9JbXBvcnRhbnQgU3R1ZmYvRGVncmVlIFN0dWZmL1llYXIgNC9GWVAvTGl0ZXJhdHVyZS9bMjAwOSAtIERlaXNlbnJvdGhdIEdhdXNzaWFuIFByb2Nlc3MgRHluYW1pYyBQcm9ncmFtbWluZy5wZGYAABMAAS8AABUAAgAP//8AAIAG0hscHR5aJGNsYXNzbmFtZVgkY2xhc3Nlc11OU011dGFibGVEYXRhox0fIFZOU0RhdGFYTlNPYmplY3TSGxwiI1xOU0RpY3Rpb25hcnmiIiBfEA9OU0tleWVkQXJjaGl2ZXLRJidUcm9vdIABAAgAEQAaACMALQAyADcAQABGAE0AVQBgAGcAagBsAG4AcQBzAHUAdwCEAI4A2wDgAOgDfAN+A4MDjgOXA6UDqQOwA7kDvgPLA84D4APjA+gAAAAAAAACAQAAAAAAAAAoAAAAAAAAAAAAAAAAAAAD6g==}}

@article{2005-lawrence,
	Author = {Neil D. Lawrence},
	Date-Added = {2016-10-31 12:43:20 +0000},
	Date-Modified = {2016-10-31 12:44:25 +0000},
	Journal = {JMLR},
	Number = {1783-1816},
	Title = {Probabilistic Non-Linear Principal Component Analysis with Gaussian Process Latent Variable Models},
	Volume = {6},
	Year = {2005},
	Bdsk-File-1 = {YnBsaXN0MDDUAQIDBAUGJCVYJHZlcnNpb25YJG9iamVjdHNZJGFyY2hpdmVyVCR0b3ASAAGGoKgHCBMUFRYaIVUkbnVsbNMJCgsMDxJXTlMua2V5c1pOUy5vYmplY3RzViRjbGFzc6INDoACgAOiEBGABIAFgAdccmVsYXRpdmVQYXRoWWFsaWFzRGF0YV8QYy4uL0xpdGVyYXR1cmUvWzIwMDUtTGF3cmVuY2VdIFByb2JhYmlsaXN0aWMgTm9uLUxpbmVhciBQcmluY2lwYWwgY29tcG9uZW50IGFuYWx5c2lzIHdpdGggR1AtTFZNLnBkZtIXCxgZV05TLmRhdGFPEQLaAAAAAALaAAIAAAhtYWluX3NzZAAAAAAAAAAAAAAAAAAAAAAAAADUHdsASCsAAAARtd4fWzIwMDUtTGF3cmVuY2VdIFByb2IjM0NBOTg5LnBkZgAAAAAAAAAAAAAAAAAAAAAAAAAAAAAAAAAAAAAAAAAAADypidQ87OIAAAAAAAAAAAABAAIAAAkgAAAAAAAAAAAAAAAAAAAACkxpdGVyYXR1cmUAEAAIAADUHczwAAAAEQAIAADUPOziAAAAAQAgABG13gARtdwAEbXbABG10wARtdIAEbUpAAYtIwACZv0AAgB7bWFpbl9zc2Q6VXNlcnM6AGphbml0aF9wOgBPbmVEcml2ZToASW1wb3J0YW50IFN0dWZmOgBEZWdyZWUgU3R1ZmY6AFllYXIgNDoARllQOgBMaXRlcmF0dXJlOgBbMjAwNS1MYXdyZW5jZV0gUHJvYiMzQ0E5ODkucGRmAAAOAKwAVQBbADIAMAAwADUALQBMAGEAdwByAGUAbgBjAGUAXQAgAFAAcgBvAGIAYQBiAGkAbABpAHMAdABpAGMAIABOAG8AbgAtAEwAaQBuAGUAYQByACAAUAByAGkAbgBjAGkAcABhAGwAIABjAG8AbQBwAG8AbgBlAG4AdAAgAGEAbgBhAGwAeQBzAGkAcwAgAHcAaQB0AGgAIABHAFAALQBMAFYATQAuAHAAZABmAA8AEgAIAG0AYQBpAG4AXwBzAHMAZAASAKBVc2Vycy9qYW5pdGhfcC9PbmVEcml2ZS9JbXBvcnRhbnQgU3R1ZmYvRGVncmVlIFN0dWZmL1llYXIgNC9GWVAvTGl0ZXJhdHVyZS9bMjAwNS1MYXdyZW5jZV0gUHJvYmFiaWxpc3RpYyBOb24tTGluZWFyIFByaW5jaXBhbCBjb21wb25lbnQgYW5hbHlzaXMgd2l0aCBHUC1MVk0ucGRmABMAAS8AABUAAgAP//8AAIAG0hscHR5aJGNsYXNzbmFtZVgkY2xhc3Nlc11OU011dGFibGVEYXRhox0fIFZOU0RhdGFYTlNPYmplY3TSGxwiI1xOU0RpY3Rpb25hcnmiIiBfEA9OU0tleWVkQXJjaGl2ZXLRJidUcm9vdIABAAgAEQAaACMALQAyADcAQABGAE0AVQBgAGcAagBsAG4AcQBzAHUAdwCEAI4A9AD5AQED3wPhA+YD8QP6BAgEDAQTBBwEIQQuBDEEQwRGBEsAAAAAAAACAQAAAAAAAAAoAAAAAAAAAAAAAAAAAAAETQ==}}

@article{2010-titsias,
	Author = {Michalis K. Titsias and Neil D. Lawrence},
	Date-Added = {2016-10-31 12:40:22 +0000},
	Date-Modified = {2016-10-31 12:41:29 +0000},
	Journal = {JMLR},
	Title = {Bayesian Gaussian Process Latent Variable Models},
	Volume = {9},
	Year = {2010},
	Bdsk-File-1 = {YnBsaXN0MDDUAQIDBAUGJCVYJHZlcnNpb25YJG9iamVjdHNZJGFyY2hpdmVyVCR0b3ASAAGGoKgHCBMUFRYaIVUkbnVsbNMJCgsMDxJXTlMua2V5c1pOUy5vYmplY3RzViRjbGFzc6INDoACgAOiEBGABIAFgAdccmVsYXRpdmVQYXRoWWFsaWFzRGF0YV8QUS4uL0xpdGVyYXR1cmUvWzIwMTAtVGl0c2lhc10gQmF5ZXNpYW4gR2F1c3NpYW4gUHJvY2VzcyBsYXRlbnQgdmFyaWFibGUgbW9kZWxzLnBkZtIXCxgZV05TLmRhdGFPEQKkAAAAAAKkAAIAAAhtYWluX3NzZAAAAAAAAAAAAAAAAAAAAAAAAADUHdsASCsAAAARtd4fWzIwMTAtVGl0c2lhc10gQmF5ZXMjM0NBN0RCLnBkZgAAAAAAAAAAAAAAAAAAAAAAAAAAAAAAAAAAAAAAAAAAADyn29Q87B8AAAAAAAAAAAABAAIAAAkgAAAAAAAAAAAAAAAAAAAACkxpdGVyYXR1cmUAEAAIAADUHczwAAAAEQAIAADUPOwfAAAAAQAgABG13gARtdwAEbXbABG10wARtdIAEbUpAAYtIwACZv0AAgB7bWFpbl9zc2Q6VXNlcnM6AGphbml0aF9wOgBPbmVEcml2ZToASW1wb3J0YW50IFN0dWZmOgBEZWdyZWUgU3R1ZmY6AFllYXIgNDoARllQOgBMaXRlcmF0dXJlOgBbMjAxMC1UaXRzaWFzXSBCYXllcyMzQ0E3REIucGRmAAAOAIgAQwBbADIAMAAxADAALQBUAGkAdABzAGkAYQBzAF0AIABCAGEAeQBlAHMAaQBhAG4AIABHAGEAdQBzAHMAaQBhAG4AIABQAHIAbwBjAGUAcwBzACAAbABhAHQAZQBuAHQAIAB2AGEAcgBpAGEAYgBsAGUAIABtAG8AZABlAGwAcwAuAHAAZABmAA8AEgAIAG0AYQBpAG4AXwBzAHMAZAASAI5Vc2Vycy9qYW5pdGhfcC9PbmVEcml2ZS9JbXBvcnRhbnQgU3R1ZmYvRGVncmVlIFN0dWZmL1llYXIgNC9GWVAvTGl0ZXJhdHVyZS9bMjAxMC1UaXRzaWFzXSBCYXllc2lhbiBHYXVzc2lhbiBQcm9jZXNzIGxhdGVudCB2YXJpYWJsZSBtb2RlbHMucGRmABMAAS8AABUAAgAP//8AAIAG0hscHR5aJGNsYXNzbmFtZVgkY2xhc3Nlc11OU011dGFibGVEYXRhox0fIFZOU0RhdGFYTlNPYmplY3TSGxwiI1xOU0RpY3Rpb25hcnmiIiBfEA9OU0tleWVkQXJjaGl2ZXLRJidUcm9vdIABAAgAEQAaACMALQAyADcAQABGAE0AVQBgAGcAagBsAG4AcQBzAHUAdwCEAI4A4gDnAO8DlwOZA54DqQOyA8ADxAPLA9QD2QPmA+kD+wP+BAMAAAAAAAACAQAAAAAAAAAoAAAAAAAAAAAAAAAAAAAEBQ==}}

@article{1984-allen,
	Author = {James F. Allen},
	Date-Added = {2016-10-31 12:35:57 +0000},
	Date-Modified = {2016-10-31 12:37:10 +0000},
	Journal = {Artificial Intelligence},
	Number = {2},
	Pages = {123-154},
	Title = {Towards a general theory of action and time},
	Volume = {23},
	Year = {1984},
	Bdsk-File-1 = {YnBsaXN0MDDUAQIDBAUGJCVYJHZlcnNpb25YJG9iamVjdHNZJGFyY2hpdmVyVCR0b3ASAAGGoKgHCBMUFRYaIVUkbnVsbNMJCgsMDxJXTlMua2V5c1pOUy5vYmplY3RzViRjbGFzc6INDoACgAOiEBGABIAFgAdccmVsYXRpdmVQYXRoWWFsaWFzRGF0YV8QSy4uL0xpdGVyYXR1cmUvWzE5ODQtQWxsZW5dIFRvd2FyZHMgYSBnZW5lcmFsIHRoZW9yeSBvZiBhY3Rpb25hIGFuZCB0aW1lLnBkZtIXCxgZV05TLmRhdGFPEQKSAAAAAAKSAAIAAAhtYWluX3NzZAAAAAAAAAAAAAAAAAAAAAAAAADUHdsASCsAAAARtd4fWzE5ODQtQWxsZW5dIFRvd2FyZHMjM0NBNUNELnBkZgAAAAAAAAAAAAAAAAAAAAAAAAAAAAAAAAAAAAAAAAAAADylzdQ86w0AAAAAAAAAAAABAAIAAAkgAAAAAAAAAAAAAAAAAAAACkxpdGVyYXR1cmUAEAAIAADUHczwAAAAEQAIAADUPOsNAAAAAQAgABG13gARtdwAEbXbABG10wARtdIAEbUpAAYtIwACZv0AAgB7bWFpbl9zc2Q6VXNlcnM6AGphbml0aF9wOgBPbmVEcml2ZToASW1wb3J0YW50IFN0dWZmOgBEZWdyZWUgU3R1ZmY6AFllYXIgNDoARllQOgBMaXRlcmF0dXJlOgBbMTk4NC1BbGxlbl0gVG93YXJkcyMzQ0E1Q0QucGRmAAAOAHwAPQBbADEAOQA4ADQALQBBAGwAbABlAG4AXQAgAFQAbwB3AGEAcgBkAHMAIABhACAAZwBlAG4AZQByAGEAbAAgAHQAaABlAG8AcgB5ACAAbwBmACAAYQBjAHQAaQBvAG4AYQAgAGEAbgBkACAAdABpAG0AZQAuAHAAZABmAA8AEgAIAG0AYQBpAG4AXwBzAHMAZAASAIhVc2Vycy9qYW5pdGhfcC9PbmVEcml2ZS9JbXBvcnRhbnQgU3R1ZmYvRGVncmVlIFN0dWZmL1llYXIgNC9GWVAvTGl0ZXJhdHVyZS9bMTk4NC1BbGxlbl0gVG93YXJkcyBhIGdlbmVyYWwgdGhlb3J5IG9mIGFjdGlvbmEgYW5kIHRpbWUucGRmABMAAS8AABUAAgAP//8AAIAG0hscHR5aJGNsYXNzbmFtZVgkY2xhc3Nlc11OU011dGFibGVEYXRhox0fIFZOU0RhdGFYTlNPYmplY3TSGxwiI1xOU0RpY3Rpb25hcnmiIiBfEA9OU0tleWVkQXJjaGl2ZXLRJidUcm9vdIABAAgAEQAaACMALQAyADcAQABGAE0AVQBgAGcAagBsAG4AcQBzAHUAdwCEAI4A3ADhAOkDfwOBA4YDkQOaA6gDrAOzA7wDwQPOA9ED4wPmA+sAAAAAAAACAQAAAAAAAAAoAAAAAAAAAAAAAAAAAAAD7Q==}}

@book{ml-girolami,
	Author = {Simon Rogers and Mark Girolami},
	Date-Added = {2016-10-31 12:26:44 +0000},
	Date-Modified = {2016-10-31 12:28:00 +0000},
	Publisher = {Taylor and Francis Group},
	Title = {A First Course in Machine Learning},
	Year = {2012}}

@book{rl-sutton,
	Author = {Richard S. Sutton and Andrew G. Barto},
	Date-Added = {2016-10-31 12:25:05 +0000},
	Date-Modified = {2016-10-31 12:26:21 +0000},
	Publisher = {The MIT Press},
	Title = {Reinforcement Learning: An Introduction},
	Year = {1998}}

@book{ml-mitchell,
	Author = {Tom M. Mitchell},
	Date-Added = {2016-10-31 12:24:04 +0000},
	Date-Modified = {2016-10-31 12:24:59 +0000},
	Publisher = {Mcgraw-Hill},
	Title = {Machine Learning},
	Year = {1997}}

@webpage{2016-lawrenceblog,
	Author = {Neil D. Lawrence},
	Date-Added = {2016-10-31 12:12:39 +0000},
	Date-Modified = {2016-10-31 12:13:35 +0000},
	Lastchecked = {06 May 2016},
	Month = {May},
	Url = {http://inverseprobability.com/2016/05/09/machine-learning-futures-6},
	Year = {2016}}

@conference{2003-peters,
	Address = {Karlsruhe, Germany},
	Author = {Jan Peter and Sethu Vijayakumar and Stefan Schaal},
	Booktitle = {Third IEEE-RAS International Conference on Humanoid Robots},
	Date-Added = {2016-10-30 18:59:32 +0000},
	Date-Modified = {2016-10-30 19:05:17 +0000},
	Month = {September},
	Title = {Reinforcement Learning for Humanoid Robotics},
	Year = {2003},
	Bdsk-File-1 = {YnBsaXN0MDDUAQIDBAUGJCVYJHZlcnNpb25YJG9iamVjdHNZJGFyY2hpdmVyVCR0b3ASAAGGoKgHCBMUFRYaIVUkbnVsbNMJCgsMDxJXTlMua2V5c1pOUy5vYmplY3RzViRjbGFzc6INDoACgAOiEBGABIAFgAdccmVsYXRpdmVQYXRoWWFsaWFzRGF0YV8QTi4uL0xpdGVyYXR1cmUvWzIwMDMgLSBQZXRlcnNdIFJlaW5mb3JjZW1lbnQgTGVhcm5pbmcgZm9yIEh1bWFub2lkIFJvYm90aWNzLnBkZtIXCxgZV05TLmRhdGFPEQKcAAAAAAKcAAIAAAhtYWluX3NzZAAAAAAAAAAAAAAAAAAAAAAAAADUHdsASCsAAAARtd4fWzIwMDMgLSBQZXRlcnNdIFJlaW4jMzI5RTkzLnBkZgAAAAAAAAAAAAAAAAAAAAAAAAAAAAAAAAAAAAAAAAAAADKek9Q1WFEAAAAAAAAAAAABAAIAAAkgAAAAAAAAAAAAAAAAAAAACkxpdGVyYXR1cmUAEAAIAADUHczwAAAAEQAIAADUNUpBAAAAAQAgABG13gARtdwAEbXbABG10wARtdIAEbUpAAYtIwACZv0AAgB7bWFpbl9zc2Q6VXNlcnM6AGphbml0aF9wOgBPbmVEcml2ZToASW1wb3J0YW50IFN0dWZmOgBEZWdyZWUgU3R1ZmY6AFllYXIgNDoARllQOgBMaXRlcmF0dXJlOgBbMjAwMyAtIFBldGVyc10gUmVpbiMzMjlFOTMucGRmAAAOAIIAQABbADIAMAAwADMAIAAtACAAUABlAHQAZQByAHMAXQAgAFIAZQBpAG4AZgBvAHIAYwBlAG0AZQBuAHQAIABMAGUAYQByAG4AaQBuAGcAIABmAG8AcgAgAEgAdQBtAGEAbgBvAGkAZAAgAFIAbwBiAG8AdABpAGMAcwAuAHAAZABmAA8AEgAIAG0AYQBpAG4AXwBzAHMAZAASAItVc2Vycy9qYW5pdGhfcC9PbmVEcml2ZS9JbXBvcnRhbnQgU3R1ZmYvRGVncmVlIFN0dWZmL1llYXIgNC9GWVAvTGl0ZXJhdHVyZS9bMjAwMyAtIFBldGVyc10gUmVpbmZvcmNlbWVudCBMZWFybmluZyBmb3IgSHVtYW5vaWQgUm9ib3RpY3MucGRmAAATAAEvAAAVAAIAD///AACABtIbHB0eWiRjbGFzc25hbWVYJGNsYXNzZXNdTlNNdXRhYmxlRGF0YaMdHyBWTlNEYXRhWE5TT2JqZWN00hscIiNcTlNEaWN0aW9uYXJ5oiIgXxAPTlNLZXllZEFyY2hpdmVy0SYnVHJvb3SAAQAIABEAGgAjAC0AMgA3AEAARgBNAFUAYABnAGoAbABuAHEAcwB1AHcAhACOAN8A5ADsA4wDjgOTA54DpwO1A7kDwAPJA84D2wPeA/AD8wP4AAAAAAAAAgEAAAAAAAAAKAAAAAAAAAAAAAAAAAAAA/o=}}

@article{2016-Lillicrap,
	Author = {Timothy P. Lillipcrap and Jonathan J. Hunt and Alexander Pritzel and Nicolas Heess and Tom Erez and Yuval Tassa and David Silver and Daan Wierstra},
	Date-Added = {2016-10-30 18:44:04 +0000},
	Date-Modified = {2016-10-30 18:46:33 +0000},
	Journal = {arXiv preprint},
	Title = {Continuous Control with Deep Reinforcement Learning},
	Volume = {arXiv:1509.02971v2},
	Year = {2016},
	Bdsk-File-1 = {YnBsaXN0MDDUAQIDBAUGJCVYJHZlcnNpb25YJG9iamVjdHNZJGFyY2hpdmVyVCR0b3ASAAGGoKgHCBMUFRYaIVUkbnVsbNMJCgsMDxJXTlMua2V5c1pOUy5vYmplY3RzViRjbGFzc6INDoACgAOiEBGABIAFgAdccmVsYXRpdmVQYXRoWWFsaWFzRGF0YV8QWC4uL0xpdGVyYXR1cmUvWzIwMTYgLSBMaWxsaWNyYXBdIENvbnRpbnVvdXMgY29udHJvbCB3aXRoIGRlZXAgcmVpbmZvcmNlbWVudCBsZWFybmluZy5wZGbSFwsYGVdOUy5kYXRhTxECugAAAAACugACAAAIbWFpbl9zc2QAAAAAAAAAAAAAAAAAAAAAAAAA1B3bAEgrAAAAEbXeH1syMDE2IC0gTGlsbGljcmFwXSBDIzMyQzg4My5wZGYAAAAAAAAAAAAAAAAAAAAAAAAAAAAAAAAAAAAAAAAAAAAyyIPUNk7NAAAAAAAAAAAAAQACAAAJIAAAAAAAAAAAAAAAAAAAAApMaXRlcmF0dXJlABAACAAA1B3M8AAAABEACAAA1DZAvQAAAAEAIAARtd4AEbXcABG12wARtdMAEbXSABG1KQAGLSMAAmb9AAIAe21haW5fc3NkOlVzZXJzOgBqYW5pdGhfcDoAT25lRHJpdmU6AEltcG9ydGFudCBTdHVmZjoARGVncmVlIFN0dWZmOgBZZWFyIDQ6AEZZUDoATGl0ZXJhdHVyZToAWzIwMTYgLSBMaWxsaWNyYXBdIEMjMzJDODgzLnBkZgAADgCWAEoAWwAyADAAMQA2ACAALQAgAEwAaQBsAGwAaQBjAHIAYQBwAF0AIABDAG8AbgB0AGkAbgB1AG8AdQBzACAAYwBvAG4AdAByAG8AbAAgAHcAaQB0AGgAIABkAGUAZQBwACAAcgBlAGkAbgBmAG8AcgBjAGUAbQBlAG4AdAAgAGwAZQBhAHIAbgBpAG4AZwAuAHAAZABmAA8AEgAIAG0AYQBpAG4AXwBzAHMAZAASAJVVc2Vycy9qYW5pdGhfcC9PbmVEcml2ZS9JbXBvcnRhbnQgU3R1ZmYvRGVncmVlIFN0dWZmL1llYXIgNC9GWVAvTGl0ZXJhdHVyZS9bMjAxNiAtIExpbGxpY3JhcF0gQ29udGludW91cyBjb250cm9sIHdpdGggZGVlcCByZWluZm9yY2VtZW50IGxlYXJuaW5nLnBkZgAAEwABLwAAFQACAA///wAAgAbSGxwdHlokY2xhc3NuYW1lWCRjbGFzc2VzXU5TTXV0YWJsZURhdGGjHR8gVk5TRGF0YVhOU09iamVjdNIbHCIjXE5TRGljdGlvbmFyeaIiIF8QD05TS2V5ZWRBcmNoaXZlctEmJ1Ryb290gAEACAARABoAIwAtADIANwBAAEYATQBVAGAAZwBqAGwAbgBxAHMAdQB3AIQAjgDpAO4A9gO0A7YDuwPGA88D3QPhA+gD8QP2BAMEBgQYBBsEIAAAAAAAAAIBAAAAAAAAACgAAAAAAAAAAAAAAAAAAAQi}}

@article{2016-blundell,
	Author = {Charles Blundell and Benigno Uria and Alexander Pritzel},
	Date-Added = {2016-10-30 18:42:52 +0000},
	Date-Modified = {2016-10-30 18:43:53 +0000},
	Journal = {arXiv preprint},
	Title = {Model-Free Episodic Control},
	Volume = {arXiv:1606.04460v1},
	Year = {2016},
	Bdsk-File-1 = {YnBsaXN0MDDUAQIDBAUGJCVYJHZlcnNpb25YJG9iamVjdHNZJGFyY2hpdmVyVCR0b3ASAAGGoKgHCBMUFRYaIVUkbnVsbNMJCgsMDxJXTlMua2V5c1pOUy5vYmplY3RzViRjbGFzc6INDoACgAOiEBGABIAFgAdccmVsYXRpdmVQYXRoWWFsaWFzRGF0YV8QPy4uL0xpdGVyYXR1cmUvWzIwMTYgLSBCbHVuZGVsbF0gTW9kZWwgZnJlZSBlcGlzb2RpYyBjb250cm9sLnBkZtIXCxgZV05TLmRhdGFPEQJuAAAAAAJuAAIAAAhtYWluX3NzZAAAAAAAAAAAAAAAAAAAAAAAAADUHdsASCsAAAARtd4fWzIwMTYgLSBCbHVuZGVsbF0gTW8jMzJDNkVFLnBkZgAAAAAAAAAAAAAAAAAAAAAAAAAAAAAAAAAAAAAAAAAAADLG7tQ2TDcAAAAAAAAAAAABAAIAAAkgAAAAAAAAAAAAAAAAAAAACkxpdGVyYXR1cmUAEAAIAADUHczwAAAAEQAIAADUNj4nAAAAAQAgABG13gARtdwAEbXbABG10wARtdIAEbUpAAYtIwACZv0AAgB7bWFpbl9zc2Q6VXNlcnM6AGphbml0aF9wOgBPbmVEcml2ZToASW1wb3J0YW50IFN0dWZmOgBEZWdyZWUgU3R1ZmY6AFllYXIgNDoARllQOgBMaXRlcmF0dXJlOgBbMjAxNiAtIEJsdW5kZWxsXSBNbyMzMkM2RUUucGRmAAAOAGQAMQBbADIAMAAxADYAIAAtACAAQgBsAHUAbgBkAGUAbABsAF0AIABNAG8AZABlAGwAIABmAHIAZQBlACAAZQBwAGkAcwBvAGQAaQBjACAAYwBvAG4AdAByAG8AbAAuAHAAZABmAA8AEgAIAG0AYQBpAG4AXwBzAHMAZAASAHxVc2Vycy9qYW5pdGhfcC9PbmVEcml2ZS9JbXBvcnRhbnQgU3R1ZmYvRGVncmVlIFN0dWZmL1llYXIgNC9GWVAvTGl0ZXJhdHVyZS9bMjAxNiAtIEJsdW5kZWxsXSBNb2RlbCBmcmVlIGVwaXNvZGljIGNvbnRyb2wucGRmABMAAS8AABUAAgAP//8AAIAG0hscHR5aJGNsYXNzbmFtZVgkY2xhc3Nlc11OU011dGFibGVEYXRhox0fIFZOU0RhdGFYTlNPYmplY3TSGxwiI1xOU0RpY3Rpb25hcnmiIiBfEA9OU0tleWVkQXJjaGl2ZXLRJidUcm9vdIABAAgAEQAaACMALQAyADcAQABGAE0AVQBgAGcAagBsAG4AcQBzAHUAdwCEAI4A0ADVAN0DTwNRA1YDYQNqA3gDfAODA4wDkQOeA6EDswO2A7sAAAAAAAACAQAAAAAAAAAoAAAAAAAAAAAAAAAAAAADvQ==}}

@article{2013-waw,
	Author = {Pawe{\l} Wawrzy{\'n}ski and Ajay Kumar Tanwani },
	Date-Added = {2016-10-30 18:31:53 +0000},
	Date-Modified = {2016-10-30 18:41:08 +0000},
	Journal = {Neural Networks},
	Pages = {156-167},
	Title = {Autonomous Reinforcement Learning with Experience Replay},
	Volume = {41},
	Year = {2013},
	Bdsk-File-1 = {YnBsaXN0MDDUAQIDBAUGJCVYJHZlcnNpb25YJG9iamVjdHNZJGFyY2hpdmVyVCR0b3ASAAGGoKgHCBMUFRYaIVUkbnVsbNMJCgsMDxJXTlMua2V5c1pOUy5vYmplY3RzViRjbGFzc6INDoACgAOiEBGABIAFgAdccmVsYXRpdmVQYXRoWWFsaWFzRGF0YW8QXgAuAC4ALwBMAGkAdABlAHIAYQB0AHUAcgBlAC8AWwAyADAAMQAzACAALQAgAFcAYQB3AHIAegB5AG4DAQBzAGsAaQBdACAAQQB1AHQAbwBuAG8AbQBvAHUAcwAgAHIAZQBpAG4AZgBvAHIAYwBlAG0AZQBuAHQAIABsAGUAYQByAG4AaQBuAGcAIAB3AGkAdABoACAAZQB4AHAAZQByAGkAZQBuAGMAZQAgAHIAZQBsAGEAeQAuAHAAZABm0hcLGBlXTlMuZGF0YU8RAsYAAAAAAsYAAgAACG1haW5fc3NkAAAAAAAAAAAAAAAAAAAAAAAAANQd2wBIKwAAABG13hlbMjAxMyAtIFdhd3J6eSMzMkM4NUEucGRmAAAAAAAAAAAAAAAAAAAAAAAAAAAAAAAAAAAAAAAAAAAAAAAAAAAAMsha1DZOVQAAAAAAAAAAAAEAAgAACSAAAAAAAAAAAAAAAAAAAAAKTGl0ZXJhdHVyZQAQAAgAANQdzPAAAAARAAgAANQ2QEUAAAABACAAEbXeABG13AARtdsAEbXTABG10gARtSkABi0jAAJm/QACAHVtYWluX3NzZDpVc2VyczoAamFuaXRoX3A6AE9uZURyaXZlOgBJbXBvcnRhbnQgU3R1ZmY6AERlZ3JlZSBTdHVmZjoAWWVhciA0OgBGWVA6AExpdGVyYXR1cmU6AFsyMDEzIC0gV2F3cnp5IzMyQzg1QS5wZGYAAA4AogBQAFsAMgAwADEAMwAgAC0AIABXAGEAdwByAHoAeQBuAwEAcwBrAGkAXQAgAEEAdQB0AG8AbgBvAG0AbwB1AHMAIAByAGUAaQBuAGYAbwByAGMAZQBtAGUAbgB0ACAAbABlAGEAcgBuAGkAbgBnACAAdwBpAHQAaAAgAGUAeABwAGUAcgBpAGUAbgBjAGUAIAByAGUAbABhAHkALgBwAGQAZgAPABIACABtAGEAaQBuAF8AcwBzAGQAEgCcVXNlcnMvamFuaXRoX3AvT25lRHJpdmUvSW1wb3J0YW50IFN0dWZmL0RlZ3JlZSBTdHVmZi9ZZWFyIDQvRllQL0xpdGVyYXR1cmUvWzIwMTMgLSBXYXdyenluzIFza2ldIEF1dG9ub21vdXMgcmVpbmZvcmNlbWVudCBsZWFybmluZyB3aXRoIGV4cGVyaWVuY2UgcmVsYXkucGRmABMAAS8AABUAAgAP//8AAIAG0hscHR5aJGNsYXNzbmFtZVgkY2xhc3Nlc11OU011dGFibGVEYXRhox0fIFZOU0RhdGFYTlNPYmplY3TSGxwiI1xOU0RpY3Rpb25hcnmiIiBfEA9OU0tleWVkQXJjaGl2ZXLRJidUcm9vdIABAAgAEQAaACMALQAyADcAQABGAE0AVQBgAGcAagBsAG4AcQBzAHUAdwCEAI4BTQFSAVoEJAQmBCsENgQ/BE0EUQRYBGEEZgRzBHYEiASLBJAAAAAAAAACAQAAAAAAAAAoAAAAAAAAAAAAAAAAAAAEkg==}}

@article{2016-mattos,
	Author = {Cesar Lincoln C. Mattos and Zhenwen Dai and Andreas Damianou and Jeremy Forth and Guilherme A. Barreto and Neil D. Lawrence},
	Date-Added = {2016-10-30 18:27:49 +0000},
	Date-Modified = {2016-10-30 18:29:16 +0000},
	Journal = {arXiv preprint},
	Title = {Recurrent Gaussian Processes},
	Volume = {arXiv:1511.06644v6},
	Year = {2016},
	Bdsk-File-1 = {YnBsaXN0MDDUAQIDBAUGJCVYJHZlcnNpb25YJG9iamVjdHNZJGFyY2hpdmVyVCR0b3ASAAGGoKgHCBMUFRYaIVUkbnVsbNMJCgsMDxJXTlMua2V5c1pOUy5vYmplY3RzViRjbGFzc6INDoACgAOiEBGABIAFgAdccmVsYXRpdmVQYXRoWWFsaWFzRGF0YV8QPi4uL0xpdGVyYXR1cmUvWzIwMTYgLSBNYXR0b3NdIFJlY3VycmVudCBHYXVzc2lhbiBQcm9jZXNzZXMucGRm0hcLGBlXTlMuZGF0YU8RAmwAAAAAAmwAAgAACG1haW5fc3NkAAAAAAAAAAAAAAAAAAAAAAAAANQd2wBIKwAAABG13h9bMjAxNiAtIE1hdHRvc10gUmVjdSMzMkNFN0UucGRmAAAAAAAAAAAAAAAAAAAAAAAAAAAAAAAAAAAAAAAAAAAAMs5+1DZsXAAAAAAAAAAAAAEAAgAACSAAAAAAAAAAAAAAAAAAAAAKTGl0ZXJhdHVyZQAQAAgAANQdzPAAAAARAAgAANQ2XkwAAAABACAAEbXeABG13AARtdsAEbXTABG10gARtSkABi0jAAJm/QACAHttYWluX3NzZDpVc2VyczoAamFuaXRoX3A6AE9uZURyaXZlOgBJbXBvcnRhbnQgU3R1ZmY6AERlZ3JlZSBTdHVmZjoAWWVhciA0OgBGWVA6AExpdGVyYXR1cmU6AFsyMDE2IC0gTWF0dG9zXSBSZWN1IzMyQ0U3RS5wZGYAAA4AYgAwAFsAMgAwADEANgAgAC0AIABNAGEAdAB0AG8AcwBdACAAUgBlAGMAdQByAHIAZQBuAHQAIABHAGEAdQBzAHMAaQBhAG4AIABQAHIAbwBjAGUAcwBzAGUAcwAuAHAAZABmAA8AEgAIAG0AYQBpAG4AXwBzAHMAZAASAHtVc2Vycy9qYW5pdGhfcC9PbmVEcml2ZS9JbXBvcnRhbnQgU3R1ZmYvRGVncmVlIFN0dWZmL1llYXIgNC9GWVAvTGl0ZXJhdHVyZS9bMjAxNiAtIE1hdHRvc10gUmVjdXJyZW50IEdhdXNzaWFuIFByb2Nlc3Nlcy5wZGYAABMAAS8AABUAAgAP//8AAIAG0hscHR5aJGNsYXNzbmFtZVgkY2xhc3Nlc11OU011dGFibGVEYXRhox0fIFZOU0RhdGFYTlNPYmplY3TSGxwiI1xOU0RpY3Rpb25hcnmiIiBfEA9OU0tleWVkQXJjaGl2ZXLRJidUcm9vdIABAAgAEQAaACMALQAyADcAQABGAE0AVQBgAGcAagBsAG4AcQBzAHUAdwCEAI4AzwDUANwDTANOA1MDXgNnA3UDeQOAA4kDjgObA54DsAOzA7gAAAAAAAACAQAAAAAAAAAoAAAAAAAAAAAAAAAAAAADug==}}

@article{2015-Wahlstrom,
	Author = {Niklas Wahlstrom, Thomas B. Schon, Marc Peter Desienroth},
	Date-Added = {2016-10-30 18:25:44 +0000},
	Date-Modified = {2016-10-30 18:26:49 +0000},
	Journal = {arXiv preprint},
	Title = {From Pixels to Torques: Policy Learning with Deep Dynamical Models},
	Volume = {arXiv:1502.02251v3},
	Year = {2015},
	Bdsk-File-1 = {YnBsaXN0MDDUAQIDBAUGJCVYJHZlcnNpb25YJG9iamVjdHNZJGFyY2hpdmVyVCR0b3ASAAGGoKgHCBMUFRYaIVUkbnVsbNMJCgsMDxJXTlMua2V5c1pOUy5vYmplY3RzViRjbGFzc6INDoACgAOiEBGABIAFgAdccmVsYXRpdmVQYXRoWWFsaWFzRGF0YV8QTy4uL0xpdGVyYXR1cmUvWzIwMTUgLSBXYWhsc3Ryb21dIFBvbGljeSBMZWFybmluZyB3aXRoIERlZXAgRHluYW1pY2FsIE1vZGVscy5wZGbSFwsYGVdOUy5kYXRhTxECngAAAAACngACAAAIbWFpbl9zc2QAAAAAAAAAAAAAAAAAAAAAAAAA1B3bAEgrAAAAEbXeH1syMDE1IC0gV2FobHN0cm9tXSBQIzMyQzg3My5wZGYAAAAAAAAAAAAAAAAAAAAAAAAAAAAAAAAAAAAAAAAAAAAyyHPUNk6HAAAAAAAAAAAAAQACAAAJIAAAAAAAAAAAAAAAAAAAAApMaXRlcmF0dXJlABAACAAA1B3M8AAAABEACAAA1DZAdwAAAAEAIAARtd4AEbXcABG12wARtdMAEbXSABG1KQAGLSMAAmb9AAIAe21haW5fc3NkOlVzZXJzOgBqYW5pdGhfcDoAT25lRHJpdmU6AEltcG9ydGFudCBTdHVmZjoARGVncmVlIFN0dWZmOgBZZWFyIDQ6AEZZUDoATGl0ZXJhdHVyZToAWzIwMTUgLSBXYWhsc3Ryb21dIFAjMzJDODczLnBkZgAADgCEAEEAWwAyADAAMQA1ACAALQAgAFcAYQBoAGwAcwB0AHIAbwBtAF0AIABQAG8AbABpAGMAeQAgAEwAZQBhAHIAbgBpAG4AZwAgAHcAaQB0AGgAIABEAGUAZQBwACAARAB5AG4AYQBtAGkAYwBhAGwAIABNAG8AZABlAGwAcwAuAHAAZABmAA8AEgAIAG0AYQBpAG4AXwBzAHMAZAASAIxVc2Vycy9qYW5pdGhfcC9PbmVEcml2ZS9JbXBvcnRhbnQgU3R1ZmYvRGVncmVlIFN0dWZmL1llYXIgNC9GWVAvTGl0ZXJhdHVyZS9bMjAxNSAtIFdhaGxzdHJvbV0gUG9saWN5IExlYXJuaW5nIHdpdGggRGVlcCBEeW5hbWljYWwgTW9kZWxzLnBkZgATAAEvAAAVAAIAD///AACABtIbHB0eWiRjbGFzc25hbWVYJGNsYXNzZXNdTlNNdXRhYmxlRGF0YaMdHyBWTlNEYXRhWE5TT2JqZWN00hscIiNcTlNEaWN0aW9uYXJ5oiIgXxAPTlNLZXllZEFyY2hpdmVy0SYnVHJvb3SAAQAIABEAGgAjAC0AMgA3AEAARgBNAFUAYABnAGoAbABuAHEAcwB1AHcAhACOAOAA5QDtA48DkQOWA6EDqgO4A7wDwwPMA9ED3gPhA/MD9gP7AAAAAAAAAgEAAAAAAAAAKAAAAAAAAAAAAAAAAAAAA/0=}}

@article{2015-gonzalez,
	Author = {Javier Gonzalez, Michael Osborne, Neil D. Lawrence},
	Date-Added = {2016-10-30 18:23:30 +0000},
	Date-Modified = {2016-10-30 18:25:41 +0000},
	Journal = {arXiv preprint },
	Month = {October},
	Title = {GLASSES: Relieving the Myopia of Bayesian Optimisation},
	Volume = {arXiv:1510.06299},
	Year = {2015},
	Bdsk-File-1 = {YnBsaXN0MDDUAQIDBAUGJCVYJHZlcnNpb25YJG9iamVjdHNZJGFyY2hpdmVyVCR0b3ASAAGGoKgHCBMUFRYaIVUkbnVsbNMJCgsMDxJXTlMua2V5c1pOUy5vYmplY3RzViRjbGFzc6INDoACgAOiEBGABIAFgAdccmVsYXRpdmVQYXRoWWFsaWFzRGF0YV8QfS4uL0xpdGVyYXR1cmUvWzIwMTUgLSBHb256YWxlel0gR2xvYmFsIE9wdGltaXNhdGlvbiB3aXRoIExvb2thaGVhZCB0aHJvdWdoIFN0b2NoYXN0aWMgU2ltdWxhdGlvbiBhbmQgRXhwZWN0ZWQgTG9zcyBzZWFyY2gucGRm0hcLGBlXTlMuZGF0YU8RAygAAAAAAygAAgAACG1haW5fc3NkAAAAAAAAAAAAAAAAAAAAAAAAANQd2wBIKwAAABG13h9bMjAxNSAtIEdvbnphbGV6XSBHbCMzMkNGQUQucGRmAAAAAAAAAAAAAAAAAAAAAAAAAAAAAAAAAAAAAAAAAAAAMs+t1DZu9gAAAAAAAAAAAAEAAgAACSAAAAAAAAAAAAAAAAAAAAAKTGl0ZXJhdHVyZQAQAAgAANQdzPAAAAARAAgAANQ2YOYAAAABACAAEbXeABG13AARtdsAEbXTABG10gARtSkABi0jAAJm/QACAHttYWluX3NzZDpVc2VyczoAamFuaXRoX3A6AE9uZURyaXZlOgBJbXBvcnRhbnQgU3R1ZmY6AERlZ3JlZSBTdHVmZjoAWWVhciA0OgBGWVA6AExpdGVyYXR1cmU6AFsyMDE1IC0gR29uemFsZXpdIEdsIzMyQ0ZBRC5wZGYAAA4A4ABvAFsAMgAwADEANQAgAC0AIABHAG8AbgB6AGEAbABlAHoAXQAgAEcAbABvAGIAYQBsACAATwBwAHQAaQBtAGkAcwBhAHQAaQBvAG4AIAB3AGkAdABoACAATABvAG8AawBhAGgAZQBhAGQAIAB0AGgAcgBvAHUAZwBoACAAUwB0AG8AYwBoAGEAcwB0AGkAYwAgAFMAaQBtAHUAbABhAHQAaQBvAG4AIABhAG4AZAAgAEUAeABwAGUAYwB0AGUAZAAgAEwAbwBzAHMAIABzAGUAYQByAGMAaAAuAHAAZABmAA8AEgAIAG0AYQBpAG4AXwBzAHMAZAASALpVc2Vycy9qYW5pdGhfcC9PbmVEcml2ZS9JbXBvcnRhbnQgU3R1ZmYvRGVncmVlIFN0dWZmL1llYXIgNC9GWVAvTGl0ZXJhdHVyZS9bMjAxNSAtIEdvbnphbGV6XSBHbG9iYWwgT3B0aW1pc2F0aW9uIHdpdGggTG9va2FoZWFkIHRocm91Z2ggU3RvY2hhc3RpYyBTaW11bGF0aW9uIGFuZCBFeHBlY3RlZCBMb3NzIHNlYXJjaC5wZGYAEwABLwAAFQACAA///wAAgAbSGxwdHlokY2xhc3NuYW1lWCRjbGFzc2VzXU5TTXV0YWJsZURhdGGjHR8gVk5TRGF0YVhOU09iamVjdNIbHCIjXE5TRGljdGlvbmFyeaIiIF8QD05TS2V5ZWRBcmNoaXZlctEmJ1Ryb290gAEACAARABoAIwAtADIANwBAAEYATQBVAGAAZwBqAGwAbgBxAHMAdQB3AIQAjgEOARMBGwRHBEkETgRZBGIEcAR0BHsEhASJBJYEmQSrBK4EswAAAAAAAAIBAAAAAAAAACgAAAAAAAAAAAAAAAAAAAS1}}

@article{2011-deisenroth,
	Author = {Marc Peter Deisenroth and Gerhard Neumann and Jan Peters},
	Date-Added = {2016-10-30 18:19:22 +0000},
	Date-Modified = {2016-10-30 18:22:56 +0000},
	Journal = {Foundations and Trends in Robotics},
	Month = {August},
	Number = {1-2},
	Pages = {1-142},
	Title = {A Survey on Policy Search for Robotics},
	Volume = {2},
	Year = {2013},
	Bdsk-File-1 = {YnBsaXN0MDDUAQIDBAUGJCVYJHZlcnNpb25YJG9iamVjdHNZJGFyY2hpdmVyVCR0b3ASAAGGoKgHCBMUFRYaIVUkbnVsbNMJCgsMDxJXTlMua2V5c1pOUy5vYmplY3RzViRjbGFzc6INDoACgAOiEBGABIAFgAdccmVsYXRpdmVQYXRoWWFsaWFzRGF0YV8QTC4uL0xpdGVyYXR1cmUvWzIwMTEgLSBEZWlzZW5yb3RoXSBBIFN1cnZleSBvbiBQb2xpY3kgU2VhcmNoIGZvciBSb2JvdGljcy5wZGbSFwsYGVdOUy5kYXRhTxEClgAAAAAClgACAAAIbWFpbl9zc2QAAAAAAAAAAAAAAAAAAAAAAAAA1B3bAEgrAAAAEbXeH1syMDExIC0gRGVpc2Vucm90aF0gIzMyQzZEMi5wZGYAAAAAAAAAAAAAAAAAAAAAAAAAAAAAAAAAAAAAAAAAAAAyxtLUNkwZAAAAAAAAAAAAAQACAAAJIAAAAAAAAAAAAAAAAAAAAApMaXRlcmF0dXJlABAACAAA1B3M8AAAABEACAAA1DY+CQAAAAEAIAARtd4AEbXcABG12wARtdMAEbXSABG1KQAGLSMAAmb9AAIAe21haW5fc3NkOlVzZXJzOgBqYW5pdGhfcDoAT25lRHJpdmU6AEltcG9ydGFudCBTdHVmZjoARGVncmVlIFN0dWZmOgBZZWFyIDQ6AEZZUDoATGl0ZXJhdHVyZToAWzIwMTEgLSBEZWlzZW5yb3RoXSAjMzJDNkQyLnBkZgAADgB+AD4AWwAyADAAMQAxACAALQAgAEQAZQBpAHMAZQBuAHIAbwB0AGgAXQAgAEEAIABTAHUAcgB2AGUAeQAgAG8AbgAgAFAAbwBsAGkAYwB5ACAAUwBlAGEAcgBjAGgAIABmAG8AcgAgAFIAbwBiAG8AdABpAGMAcwAuAHAAZABmAA8AEgAIAG0AYQBpAG4AXwBzAHMAZAASAIlVc2Vycy9qYW5pdGhfcC9PbmVEcml2ZS9JbXBvcnRhbnQgU3R1ZmYvRGVncmVlIFN0dWZmL1llYXIgNC9GWVAvTGl0ZXJhdHVyZS9bMjAxMSAtIERlaXNlbnJvdGhdIEEgU3VydmV5IG9uIFBvbGljeSBTZWFyY2ggZm9yIFJvYm90aWNzLnBkZgAAEwABLwAAFQACAA///wAAgAbSGxwdHlokY2xhc3NuYW1lWCRjbGFzc2VzXU5TTXV0YWJsZURhdGGjHR8gVk5TRGF0YVhOU09iamVjdNIbHCIjXE5TRGljdGlvbmFyeaIiIF8QD05TS2V5ZWRBcmNoaXZlctEmJ1Ryb290gAEACAARABoAIwAtADIANwBAAEYATQBVAGAAZwBqAGwAbgBxAHMAdQB3AIQAjgDdAOIA6gOEA4YDiwOWA58DrQOxA7gDwQPGA9MD1gPoA+sD8AAAAAAAAAIBAAAAAAAAACgAAAAAAAAAAAAAAAAAAAPy}}

@phdthesis{2010-deisenroth,
	Author = {Marc Peter Deisenroth},
	Date-Added = {2016-10-30 17:58:30 +0000},
	Date-Modified = {2016-10-30 18:02:32 +0000},
	Month = {November},
	School = {Karlsruhe Institute of Technology},
	Title = {Efficient Reinforcement Learning using Gaussian Processes},
	Year = {2010},
	Bdsk-File-1 = {YnBsaXN0MDDUAQIDBAUGJCVYJHZlcnNpb25YJG9iamVjdHNZJGFyY2hpdmVyVCR0b3ASAAGGoKgHCBMUFRYaIVUkbnVsbNMJCgsMDxJXTlMua2V5c1pOUy5vYmplY3RzViRjbGFzc6INDoACgAOiEBGABIAFgAdccmVsYXRpdmVQYXRoWWFsaWFzRGF0YV8QXy4uL0xpdGVyYXR1cmUvWzIwMTAgLSBEZWlzZW5yb3RoXSBFZmZpY2llbnQgUmVpbmZvcmNlbWVudCBMZWFybmluZyB1c2luZyBHYXVzc2lhbiBQcm9jZXNzZXMucGRm0hcLGBlXTlMuZGF0YU8RAs4AAAAAAs4AAgAACG1haW5fc3NkAAAAAAAAAAAAAAAAAAAAAAAAANQd2wBIKwAAABG13h9bMjAxMCAtIERlaXNlbnJvdGhdICMzMkEwNjMucGRmAAAAAAAAAAAAAAAAAAAAAAAAAAAAAAAAAAAAAAAAAAAAMqBj1DVZKQAAAAAAAAAAAAEAAgAACSAAAAAAAAAAAAAAAAAAAAAKTGl0ZXJhdHVyZQAQAAgAANQdzPAAAAARAAgAANQ1SxkAAAABACAAEbXeABG13AARtdsAEbXTABG10gARtSkABi0jAAJm/QACAHttYWluX3NzZDpVc2VyczoAamFuaXRoX3A6AE9uZURyaXZlOgBJbXBvcnRhbnQgU3R1ZmY6AERlZ3JlZSBTdHVmZjoAWWVhciA0OgBGWVA6AExpdGVyYXR1cmU6AFsyMDEwIC0gRGVpc2Vucm90aF0gIzMyQTA2My5wZGYAAA4ApABRAFsAMgAwADEAMAAgAC0AIABEAGUAaQBzAGUAbgByAG8AdABoAF0AIABFAGYAZgBpAGMAaQBlAG4AdAAgAFIAZQBpAG4AZgBvAHIAYwBlAG0AZQBuAHQAIABMAGUAYQByAG4AaQBuAGcAIAB1AHMAaQBuAGcAIABHAGEAdQBzAHMAaQBhAG4AIABQAHIAbwBjAGUAcwBzAGUAcwAuAHAAZABmAA8AEgAIAG0AYQBpAG4AXwBzAHMAZAASAJxVc2Vycy9qYW5pdGhfcC9PbmVEcml2ZS9JbXBvcnRhbnQgU3R1ZmYvRGVncmVlIFN0dWZmL1llYXIgNC9GWVAvTGl0ZXJhdHVyZS9bMjAxMCAtIERlaXNlbnJvdGhdIEVmZmljaWVudCBSZWluZm9yY2VtZW50IExlYXJuaW5nIHVzaW5nIEdhdXNzaWFuIFByb2Nlc3Nlcy5wZGYAEwABLwAAFQACAA///wAAgAbSGxwdHlokY2xhc3NuYW1lWCRjbGFzc2VzXU5TTXV0YWJsZURhdGGjHR8gVk5TRGF0YVhOU09iamVjdNIbHCIjXE5TRGljdGlvbmFyeaIiIF8QD05TS2V5ZWRBcmNoaXZlctEmJ1Ryb290gAEACAARABoAIwAtADIANwBAAEYATQBVAGAAZwBqAGwAbgBxAHMAdQB3AIQAjgDwAPUA/QPPA9ED1gPhA+oD+AP8BAMEDAQRBB4EIQQzBDYEOwAAAAAAAAIBAAAAAAAAACgAAAAAAAAAAAAAAAAAAAQ9}}

@mastersthesis{2016-kaiser,
	Author = {Markus Kaiser},
	Date-Added = {2016-10-30 17:54:58 +0000},
	Date-Modified = {2016-10-30 17:56:09 +0000},
	Month = {June},
	School = {Technische Universit{\"a}t M{\"u}nchen},
	Title = {Incorporating Uncertainty into Reinforcement Learning through Gaussian Processes},
	Year = {2016},
	Bdsk-File-1 = {YnBsaXN0MDDUAQIDBAUGJCVYJHZlcnNpb25YJG9iamVjdHNZJGFyY2hpdmVyVCR0b3ASAAGGoKgHCBMUFRYaIVUkbnVsbNMJCgsMDxJXTlMua2V5c1pOUy5vYmplY3RzViRjbGFzc6INDoACgAOiEBGABIAFgAdccmVsYXRpdmVQYXRoWWFsaWFzRGF0YV8Qci4uL0xpdGVyYXR1cmUvWzIwMTYgLSBLYWlzZXJdIEluY29ycG9yYXRpbmcgVW5jZXJ0YWludHkgaW50byBSZWluZm9yY2VtZW50IExlYXJuaW5nIHRocm91Z2ggR2F1c3NpYW4gUHJvY2Vzc2VzLnBkZtIXCxgZV05TLmRhdGFPEQMIAAAAAAMIAAIAAAhtYWluX3NzZAAAAAAAAAAAAAAAAAAAAAAAAADUHdsASCsAAAARtd4fWzIwMTYgLSBLYWlzZXJdIEluY28jMzJBMDM0LnBkZgAAAAAAAAAAAAAAAAAAAAAAAAAAAAAAAAAAAAAAAAAAADKgNNQ1WPwAAAAAAAAAAAABAAIAAAkgAAAAAAAAAAAAAAAAAAAACkxpdGVyYXR1cmUAEAAIAADUHczwAAAAEQAIAADUNUrsAAAAAQAgABG13gARtdwAEbXbABG10wARtdIAEbUpAAYtIwACZv0AAgB7bWFpbl9zc2Q6VXNlcnM6AGphbml0aF9wOgBPbmVEcml2ZToASW1wb3J0YW50IFN0dWZmOgBEZWdyZWUgU3R1ZmY6AFllYXIgNDoARllQOgBMaXRlcmF0dXJlOgBbMjAxNiAtIEthaXNlcl0gSW5jbyMzMkEwMzQucGRmAAAOAMoAZABbADIAMAAxADYAIAAtACAASwBhAGkAcwBlAHIAXQAgAEkAbgBjAG8AcgBwAG8AcgBhAHQAaQBuAGcAIABVAG4AYwBlAHIAdABhAGkAbgB0AHkAIABpAG4AdABvACAAUgBlAGkAbgBmAG8AcgBjAGUAbQBlAG4AdAAgAEwAZQBhAHIAbgBpAG4AZwAgAHQAaAByAG8AdQBnAGgAIABHAGEAdQBzAHMAaQBhAG4AIABQAHIAbwBjAGUAcwBzAGUAcwAuAHAAZABmAA8AEgAIAG0AYQBpAG4AXwBzAHMAZAASAK9Vc2Vycy9qYW5pdGhfcC9PbmVEcml2ZS9JbXBvcnRhbnQgU3R1ZmYvRGVncmVlIFN0dWZmL1llYXIgNC9GWVAvTGl0ZXJhdHVyZS9bMjAxNiAtIEthaXNlcl0gSW5jb3Jwb3JhdGluZyBVbmNlcnRhaW50eSBpbnRvIFJlaW5mb3JjZW1lbnQgTGVhcm5pbmcgdGhyb3VnaCBHYXVzc2lhbiBQcm9jZXNzZXMucGRmAAATAAEvAAAVAAIAD///AACABtIbHB0eWiRjbGFzc25hbWVYJGNsYXNzZXNdTlNNdXRhYmxlRGF0YaMdHyBWTlNEYXRhWE5TT2JqZWN00hscIiNcTlNEaWN0aW9uYXJ5oiIgXxAPTlNLZXllZEFyY2hpdmVy0SYnVHJvb3SAAQAIABEAGgAjAC0AMgA3AEAARgBNAFUAYABnAGoAbABuAHEAcwB1AHcAhACOAQMBCAEQBBwEHgQjBC4ENwRFBEkEUARZBF4EawRuBIAEgwSIAAAAAAAAAgEAAAAAAAAAKAAAAAAAAAAAAAAAAAAABIo=}}

@article{2015-deisenroth,
	Author = {Marc Peter Deisenroth and Dieter Fox and Carl Edward Rasmussen},
	Date-Added = {2016-10-30 17:52:52 +0000},
	Date-Modified = {2016-10-30 17:54:36 +0000},
	Journal = {IEEE Transactions on Pattern Analysis and Machine Intelligence},
	Month = {February},
	Number = {2},
	Title = {Gaussian Processes for Data-Efficient Learning in Robotics and Control},
	Volume = {37},
	Year = {2015},
	Bdsk-File-1 = {YnBsaXN0MDDUAQIDBAUGJCVYJHZlcnNpb25YJG9iamVjdHNZJGFyY2hpdmVyVCR0b3ASAAGGoKgHCBMUFRYaIVUkbnVsbNMJCgsMDxJXTlMua2V5c1pOUy5vYmplY3RzViRjbGFzc6INDoACgAOiEBGABIAFgAdccmVsYXRpdmVQYXRoWWFsaWFzRGF0YV8QbC4uL0xpdGVyYXR1cmUvWzIwMTUgLSBEZWlzZW5yb3RoXSBHYXVzc2lhbiBQcm9jZXNzZXMgZm9yIERhdGEtRWZmaWNpZW50IExlYXJuaW5nIGluIFJvYm90aWNzIGFuZCBDb250cm9sLnBkZtIXCxgZV05TLmRhdGFPEQL2AAAAAAL2AAIAAAhtYWluX3NzZAAAAAAAAAAAAAAAAAAAAAAAAADUHdsASCsAAAARtd4fWzIwMTUgLSBEZWlzZW5yb3RoXSAjMTIxQjE0LnBkZgAAAAAAAAAAAAAAAAAAAAAAAAAAAAAAAAAAAAAAAAAAABIbFNQT2nkAAAAAAAAAAAABAAIAAAkgAAAAAAAAAAAAAAAAAAAACkxpdGVyYXR1cmUAEAAIAADUHczwAAAAEQAIAADUE8xpAAAAAQAgABG13gARtdwAEbXbABG10wARtdIAEbUpAAYtIwACZv0AAgB7bWFpbl9zc2Q6VXNlcnM6AGphbml0aF9wOgBPbmVEcml2ZToASW1wb3J0YW50IFN0dWZmOgBEZWdyZWUgU3R1ZmY6AFllYXIgNDoARllQOgBMaXRlcmF0dXJlOgBbMjAxNSAtIERlaXNlbnJvdGhdICMxMjFCMTQucGRmAAAOAL4AXgBbADIAMAAxADUAIAAtACAARABlAGkAcwBlAG4AcgBvAHQAaABdACAARwBhAHUAcwBzAGkAYQBuACAAUAByAG8AYwBlAHMAcwBlAHMAIABmAG8AcgAgAEQAYQB0AGEALQBFAGYAZgBpAGMAaQBlAG4AdAAgAEwAZQBhAHIAbgBpAG4AZwAgAGkAbgAgAFIAbwBiAG8AdABpAGMAcwAgAGEAbgBkACAAQwBvAG4AdAByAG8AbAAuAHAAZABmAA8AEgAIAG0AYQBpAG4AXwBzAHMAZAASAKlVc2Vycy9qYW5pdGhfcC9PbmVEcml2ZS9JbXBvcnRhbnQgU3R1ZmYvRGVncmVlIFN0dWZmL1llYXIgNC9GWVAvTGl0ZXJhdHVyZS9bMjAxNSAtIERlaXNlbnJvdGhdIEdhdXNzaWFuIFByb2Nlc3NlcyBmb3IgRGF0YS1FZmZpY2llbnQgTGVhcm5pbmcgaW4gUm9ib3RpY3MgYW5kIENvbnRyb2wucGRmAAATAAEvAAAVAAIAD///AACABtIbHB0eWiRjbGFzc25hbWVYJGNsYXNzZXNdTlNNdXRhYmxlRGF0YaMdHyBWTlNEYXRhWE5TT2JqZWN00hscIiNcTlNEaWN0aW9uYXJ5oiIgXxAPTlNLZXllZEFyY2hpdmVy0SYnVHJvb3SAAQAIABEAGgAjAC0AMgA3AEAARgBNAFUAYABnAGoAbABuAHEAcwB1AHcAhACOAP0BAgEKBAQEBgQLBBYEHwQtBDEEOARBBEYEUwRWBGgEawRwAAAAAAAAAgEAAAAAAAAAKAAAAAAAAAAAAAAAAAAABHI=}}

@article{2013-kober,
	Author = { Jens Kober and J. Andrew Bagnell and Jan Peters},
	Date-Added = {2016-10-30 17:44:07 +0000},
	Date-Modified = {2016-10-30 17:54:31 +0000},
	Journal = {The International Journal of Robotics Research},
	Month = {September},
	Number = {11},
	Title = {Reinforcement learning in robotics: A survey},
	Volume = {32},
	Year = {2013},
	Bdsk-File-1 = {YnBsaXN0MDDUAQIDBAUGJCVYJHZlcnNpb25YJG9iamVjdHNZJGFyY2hpdmVyVCR0b3ASAAGGoKgHCBMUFRYaIVUkbnVsbNMJCgsMDxJXTlMua2V5c1pOUy5vYmplY3RzViRjbGFzc6INDoACgAOiEBGABIAFgAdccmVsYXRpdmVQYXRoWWFsaWFzRGF0YV8QTC4uL0xpdGVyYXR1cmUvWzIwMTMgLSBLb2Jlcl0gUmVpbmZvcmNtZW50IExlYXJuaW5nIGluIFJvYm90aWNzLSBBIHN1cnZleS5wZGbSFwsYGVdOUy5kYXRhTxEClgAAAAAClgACAAAIbWFpbl9zc2QAAAAAAAAAAAAAAAAAAAAAAAAA1B3bAEgrAAAAEbXeH1syMDEzIC0gS29iZXJdIFJlaW5mIzMyNTAzQi5wZGYAAAAAAAAAAAAAAAAAAAAAAAAAAAAAAAAAAAAAAAAAAAAyUDvUNBEbAAAAAAAAAAAAAQACAAAJIAAAAAAAAAAAAAAAAAAAAApMaXRlcmF0dXJlABAACAAA1B3M8AAAABEACAAA1DQDCwAAAAEAIAARtd4AEbXcABG12wARtdMAEbXSABG1KQAGLSMAAmb9AAIAe21haW5fc3NkOlVzZXJzOgBqYW5pdGhfcDoAT25lRHJpdmU6AEltcG9ydGFudCBTdHVmZjoARGVncmVlIFN0dWZmOgBZZWFyIDQ6AEZZUDoATGl0ZXJhdHVyZToAWzIwMTMgLSBLb2Jlcl0gUmVpbmYjMzI1MDNCLnBkZgAADgB+AD4AWwAyADAAMQAzACAALQAgAEsAbwBiAGUAcgBdACAAUgBlAGkAbgBmAG8AcgBjAG0AZQBuAHQAIABMAGUAYQByAG4AaQBuAGcAIABpAG4AIABSAG8AYgBvAHQAaQBjAHMALQAgAEEAIABzAHUAcgB2AGUAeQAuAHAAZABmAA8AEgAIAG0AYQBpAG4AXwBzAHMAZAASAIlVc2Vycy9qYW5pdGhfcC9PbmVEcml2ZS9JbXBvcnRhbnQgU3R1ZmYvRGVncmVlIFN0dWZmL1llYXIgNC9GWVAvTGl0ZXJhdHVyZS9bMjAxMyAtIEtvYmVyXSBSZWluZm9yY21lbnQgTGVhcm5pbmcgaW4gUm9ib3RpY3MtIEEgc3VydmV5LnBkZgAAEwABLwAAFQACAA///wAAgAbSGxwdHlokY2xhc3NuYW1lWCRjbGFzc2VzXU5TTXV0YWJsZURhdGGjHR8gVk5TRGF0YVhOU09iamVjdNIbHCIjXE5TRGljdGlvbmFyeaIiIF8QD05TS2V5ZWRBcmNoaXZlctEmJ1Ryb290gAEACAARABoAIwAtADIANwBAAEYATQBVAGAAZwBqAGwAbgBxAHMAdQB3AIQAjgDdAOIA6gOEA4YDiwOWA58DrQOxA7gDwQPGA9MD1gPoA+sD8AAAAAAAAAIBAAAAAAAAACgAAAAAAAAAAAAAAAAAAAPy}}
